<?xml version="1.0" encoding="UTF-8"?><collection xmlns="http://www.loc.gov/MARC21/slim"><record><leader>00494nam--2200169-i-4500</leader><controlfield tag="001">000001151</controlfield><controlfield tag="002">20161230</controlfield><controlfield tag="005">20161230201024</controlfield><controlfield tag="008">060222s1000------------r-----000-0-fre-d</controlfield><datafield ind1=" " ind2=" " tag="040"><subfield code="a">IFIN-HH</subfield></datafield><datafield ind1=" " ind2=" " tag="080"><subfield code="a">531</subfield></datafield><datafield ind1="1" ind2=" " tag="100"><subfield code="a">Gontier,Gerard</subfield></datafield><datafield ind1="1" ind2="0" tag="245"><subfield code="a">Mecanique des milieux deformables</subfield><subfield code="b">Principes et theoremes generaux. maitrise de mecanique.mairtise de m.a.f</subfield><subfield code="c">Gerard Gontier</subfield></datafield><datafield ind1=" " ind2=" " tag="260"><subfield code="a">Paris, Dunod, 1969</subfield></datafield><datafield ind1=" " ind2=" " tag="300"><subfield code="a">XXXIV + 580 P</subfield></datafield><datafield ind1=" " ind2=" " tag="852"><subfield code="a">35839</subfield><subfield code="c">531</subfield></datafield><datafield ind1=" " ind2=" " tag="CAT"><subfield code="a">Sys</subfield><subfield code="c">20100624</subfield><subfield code="h">093504</subfield></datafield></record></collection>